<?xml version="1.0" encoding="UTF-8"?><collection xmlns="http://www.loc.gov/MARC21/slim"><record><leader>00583nam--2200169-u-4500</leader><controlfield tag="001">000054467</controlfield><controlfield tag="002">20161230</controlfield><controlfield tag="005">20161230201051</controlfield><controlfield tag="008">120109s1000------------r-----000-0-eng-d</controlfield><datafield ind1=" " ind2=" " tag="040"><subfield code="a">IFIN-HH</subfield></datafield><datafield ind1=" " ind2=" " tag="080"><subfield code="a">539.12.162.8(061.3)</subfield></datafield><datafield ind1="1" ind2=" " tag="100"><subfield code="a">Mosher, Anne</subfield></datafield><datafield ind1="1" ind2="0" tag="245"><subfield code="a">Physics at very high energies</subfield><subfield code="b">Proceedings of the tenth slac summer institute on particle physics august 1982 slac report no 259, january 1983</subfield><subfield code="c">Anne mosher (ed.)</subfield></datafield><datafield ind1=" " ind2=" " tag="260"><subfield code="a">Stanford, California</subfield><subfield code="b">Stanford Linear Acceerator Center</subfield><subfield code="c">1983</subfield></datafield><datafield ind1=" " ind2=" " tag="300"><subfield code="a">676P</subfield></datafield><datafield ind1=" " ind2=" " tag="852"><subfield code="a">71214</subfield><subfield code="c">539.12</subfield></datafield><datafield ind1=" " ind2=" " tag="CAT"><subfield code="a">Sys</subfield><subfield code="c">20120109</subfield><subfield code="h">153440</subfield></datafield></record></collection>